@misc{Sanderson2017,
	author = {Grant Sanderson},
	chapter = {1-4},
	editor = {Josh Pullen},
	subtitle = {The basics of neural networks, and the math behind how they learn},
	title = {Neural Networks},
	url = {https://www.3blue1brown.com/topics/neural-networks},
	year = {2017}
}

@misc{NeuroWiki2023,
	author = {Wikipedia},
	note = {[Online; aufgerufen 20. November 2023]},
	title = {K{\"u}nstliches neuronales Netz},
	url = {https://de.wikipedia.org/w/index.php?title=K\%C3\%BCnstliches\%20neuronales\%20Netz&oldid=238667282},
	year = {2023}
}

@misc{Moessner2017,
	author = {Cedric M{\"o}ssner},
	chapter = {1-9.2},
	title = {Neuronale Netze},
	url = {https://www.youtube.com/watch?v=8gYmuU_PNto&list=PLNmsVeXQZj7p-BX9gVfz24TFGyy44wM_a},
	year = {2017}
}

